Automatically generated by Mendeley Desktop 1.19.4
Any changes to this file will be lost if it is regenerated by Mendeley.

BibTeX export options can be customized via Options -> BibTeX in Mendeley Desktop

@article{Felsenstein1985,
annote = {The key paper on phylogenetic correlation and correction by independent contrasts.


Species are not phylogenetically independent.


Have to plot against standard deviation to check for overweighting},
author = {Felsenstein, Joseph},
file = {:C$\backslash$:/Users/Laura/Documents/Mendeley Desktop/Felsenstein - 1985.pdf:pdf},
journal = {The American naturalist},
number = {1},
pages = {1--15},
title = {{Phylogenies and the comparative method}},
volume = {125},
year = {1985}
}
@article{Nunn2001,
author = {Nunn, Charles L. and Barton, Robert A.},
doi = {10.1002/evan.1019},
file = {:C$\backslash$:/Users/Laura/Documents/Mendeley Desktop/Nunn, Barton - 2001.pdf:pdf},
issn = {10601538},
journal = {Evolutionary Anthropology},
number = {3},
pages = {81--98},
title = {{Comparative methods for studying primate adaptation and allometry}},
volume = {10},
year = {2001}
}
@article{Slater2012,
author = {Slater, Graham J and Harmon, Luke J and Alfaro, Michael E},
doi = {10.5061/dryad.q96d7},
file = {:C$\backslash$:/Users/Laura/Documents/Mendeley Desktop/Slater, Harmon, Alfaro - 2012.pdf:pdf},
journal = {Evolution},
keywords = {a good,dimensional biology or of,fossils are pertinent to,has no name,i am trying to,is beginning to have,many practitioners but that,pursue a science that,the science of four-,time and life},
number = {12},
pages = {3931--3944},
title = {{Integrating fossils with molecular phylogenies improves inference of trait evolution}},
volume = {66},
year = {2012}
}
@article{Hansen1997,
author = {Hansen, Thomas F},
file = {:C$\backslash$:/Users/Laura/Documents/Mendeley Desktop/Hansen - 1997.pdf:pdf},
journal = {Evolution},
number = {5},
pages = {1342--1351},
title = {{Stabilising selection and the comparative analysis of adaptation}},
volume = {51},
year = {1997}
}
@article{Soul2015,
author = {Soul, Laura C and Friedman, Matt},
journal = {Systematic Biology},
number = {4},
pages = {608--620},
title = {{Taxonomy and phylogeny can yield comparable results in comparative palaeontological analyses}},
volume = {64},
year = {2015}
}
@article{Wright2017,
author = {Wright, David F.},
doi = {10.1038/s41598-017-13979-9},
file = {:C$\backslash$:/Users/Laura/Documents/Mendeley Desktop/Wright - 2017.pdf:pdf},
issn = {20452322},
journal = {Scientific Reports},
number = {1},
pages = {1--10},
publisher = {Springer US},
title = {{Phenotypic Innovation and Adaptive Constraints in the Evolutionary Radiation of Palaeozoic Crinoids}},
url = {http://dx.doi.org/10.1038/s41598-017-13979-9},
volume = {7},
year = {2017}
}
@article{Silvestro2015b,
author = {Silvestro, Daniele and Kostikova, Anna and Litsios, Glenn and Pearman, Peter B. and Salamin, Nicolas},
doi = {10.1111/2041-210X.12337},
file = {:C$\backslash$:/Users/Laura/Documents/Mendeley Desktop/Silvestro et al. - 2015(3).pdf:pdf},
issn = {2041210X},
journal = {Methods in Ecology and Evolution},
keywords = {Brownian motion,Comparative methods,Macroevolution,Measurement error,Model selection,Ornstein-Uhlenbeck},
number = {3},
pages = {340--346},
title = {{Measurement errors should always be incorporated in phylogenetic comparative analysis}},
volume = {6},
year = {2015}
}
@article{Soul2017,
author = {Soul, Laura C. and Benson, Roger B J},
doi = {10.1111/evo.13217},
file = {:C$\backslash$:/Users/Laura/Documents/Mendeley Desktop/Soul, Benson - 2017.pdf:pdf},
issn = {15585646},
journal = {Evolution},
keywords = {Axial body plan,Homeotic effects,Macroevolution,Phylogenetic comparative methods,Sauropterygia,Somitogenesis},
number = {5},
pages = {1164--1177},
title = {{Developmental mechanisms of macroevolutionary change in the tetrapod axis: A case study of Sauropterygia}},
volume = {71},
year = {2017}
}
@article{Revell2010,
author = {Revell, L J},
doi = {10.1111/j.2041-210X.2010.00044.x},
file = {:C$\backslash$:/Users/Laura/Documents/Mendeley Desktop/Revell - 2010.pdf:pdf},
isbn = {2041-210X},
issn = {2041210X},
journal = {Methods in Ecology and Evolution},
keywords = {adaptation,basal metabolic-rate,comparative method,evolution,independent contrasts,interspecific data,least squares,likelihood,lizards,mammals,patterns,sexual-dimorphism,size,type i error},
number = {4},
pages = {319--329},
title = {{Phylogenetic signal and linear regression on species data}},
volume = {1},
year = {2010}
}
@book{Nunn2011,
address = {Chicago},
author = {Nunn, Charles L.},
edition = {1st},
publisher = {Univeristy of Chicago Press},
title = {{The comparative approach in evolutionary anthropology and biology}},
year = {2011}
}
@book{Harmon2019,
author = {Harmon, Luke},
edition = {1.4},
title = {{Phylogenetic Comparative Methods}},
year = {2019}
}
